<record><leader>00000cas a2200000 a 4500</leader><controlfield tag="001">8776345</controlfield><controlfield tag="008">820915d18651885iauwr ne      0    0eng  </controlfield><datafield ind1=" " ind2=" " tag="010"><subfield code="a">sn 82014117 </subfield><subfield code="z">sn 85026343 </subfield></datafield><datafield ind1=" " ind2=" " tag="040"><subfield code="a">DLC</subfield><subfield code="b">eng</subfield><subfield code="c">DLC</subfield><subfield code="d">NPU</subfield><subfield code="d">INP</subfield><subfield code="d">DLC</subfield><subfield code="d">OCL</subfield><subfield code="d">INP</subfield><subfield code="d">DLC</subfield><subfield code="d">INP</subfield><subfield code="d">OCLCQ</subfield><subfield code="d">NVF</subfield><subfield code="d">OCLCQ</subfield><subfield code="d">OCLCO</subfield><subfield code="d">OCLCQ</subfield><subfield code="d">OCLCF</subfield></datafield><datafield ind1=" " ind2=" " tag="019"><subfield code="a">11675047</subfield></datafield><datafield ind1="1" ind2=" " tag="029"><subfield code="a">AU@</subfield><subfield code="b">000020273302</subfield></datafield><datafield ind1=" " ind2=" " tag="042"><subfield code="a">pcc</subfield></datafield><datafield ind1=" " ind2=" " tag="043"><subfield code="a">n-us-ia</subfield></datafield><datafield ind1="0" ind2="0" tag="050"><subfield code="a">Newspaper 7768-X</subfield></datafield><datafield ind1="0" ind2="0" tag="245"><subfield code="a">Weekly Iowa State register.</subfield></datafield><datafield ind1="3" ind2="0" tag="246"><subfield code="a">Iowa State register</subfield></datafield><datafield ind1="1" ind2="3" tag="246"><subfield code="a">Iowa State weekly register</subfield></datafield><datafield ind1=" " ind2=" " tag="260"><subfield code="a">Des Moines, Iowa :</subfield><subfield code="b">F.W. Palmer,</subfield><subfield code="c">1865-1885.</subfield></datafield><datafield ind1=" " ind2=" " tag="300"><subfield code="a">v.</subfield></datafield><datafield ind1=" " ind2=" " tag="310"><subfield code="a">Weekly</subfield></datafield><datafield ind1="0" ind2=" " tag="362"><subfield code="a">Vol. 10, no. 5 (Mar. 1, 1865)-v. 28, no. 51 (Jan. 16, 1885) = Whole no. 472-whole no. 1509.</subfield></datafield><datafield ind1=" " ind2=" " tag="500"><subfield code="a">Publishers: F.W. Palmer, Mar. 1, 1865-Dec. 5, 1866; Register Printing Co., Dec. 12, 1866-Dec. 28, 1870; Clarkson Bros., Jan. 4, 1871-Jan. 16, 1885.</subfield></datafield><datafield ind1=" " ind2=" " tag="500"><subfield code="a">"Republican."</subfield></datafield><datafield ind1=" " ind2=" " tag="525"><subfield code="a">Mar. 18, 1868 issue has supplement.</subfield></datafield><datafield ind1=" " ind2=" " tag="580"><subfield code="a">Daily eds.: Daily State register (Des Moines, Iowa : 1865), 1865-1866, and: Daily State register (Des Moines, Iowa : 1866), 1866-1869, and: Daily Iowa State register (Des Moines, Iowa : 1869) 1869-1872, and: Iowa daily State register, 1872-1876, and: Iowa State register (Des Moines, Iowa : 1876), 1876-1885.</subfield></datafield><datafield ind1=" " ind2="0" tag="651"><subfield code="a">Des Moines (Iowa)</subfield><subfield code="v">Newspapers.</subfield></datafield><datafield ind1=" " ind2="7" tag="655"><subfield code="a">Newspapers.</subfield><subfield code="2">fast</subfield><subfield code="0">(OCoLC)fst01423814</subfield></datafield><datafield ind1=" " ind2="7" tag="651"><subfield code="a">Iowa</subfield><subfield code="z">Des Moines.</subfield><subfield code="2">fast</subfield><subfield code="0">(OCoLC)fst01205836</subfield></datafield><datafield ind1=" " ind2=" " tag="752"><subfield code="a">United States</subfield><subfield code="b">Iowa</subfield><subfield code="c">Polk</subfield><subfield code="d">Des Moines.</subfield></datafield><datafield ind1="1" ind2=" " tag="775"><subfield code="t">Daily Iowa State register (Des Moines, Iowa : 1865)</subfield><subfield code="w">(DLC)sn 82015547</subfield></datafield><datafield ind1="1" ind2=" " tag="775"><subfield code="t">Daily State register (Des Moines, Iowa : 1866)</subfield><subfield code="w">(DLC)sn 85049894</subfield></datafield><datafield ind1="1" ind2=" " tag="775"><subfield code="t">Daily Iowa State register (Des Moines, Iowa : 1869)</subfield><subfield code="w">(DLC)sn 85049895</subfield></datafield><datafield ind1="1" ind2=" " tag="775"><subfield code="t">Iowa daily State register</subfield><subfield code="w">(DLC)sn 82015549</subfield></datafield><datafield ind1="1" ind2=" " tag="775"><subfield code="t">Iowa State register (Des Moines, Iowa : 1876)</subfield><subfield code="w">(DLC)sn 82015550</subfield></datafield><datafield ind1="0" ind2="0" tag="780"><subfield code="t">Iowa State register (Des Moines, Iowa : 1860)</subfield><subfield code="w">(DLC)sn 84027111</subfield></datafield><datafield ind1="0" ind2="0" tag="785"><subfield code="t">Iowa State register (Des Moines, Iowa : 1885)</subfield><subfield code="w">(DLC)sn 85049899</subfield></datafield></record>